<record><leader>00000cas a22000007a 4500</leader><controlfield tag="001">20706353</controlfield><controlfield tag="008">891129d19271948ohuwr ne      0    0eng d</controlfield><datafield ind1=" " ind2=" " tag="010"><subfield code="a">sn 89075163 </subfield></datafield><datafield ind1=" " ind2=" " tag="040"><subfield code="a">ONP</subfield><subfield code="b">eng</subfield><subfield code="c">ONP</subfield><subfield code="d">OCLCQ</subfield></datafield><datafield ind1=" " ind2=" " tag="042"><subfield code="a">msc</subfield></datafield><datafield ind1="0" ind2="0" tag="245"><subfield code="a">Risingsun unique weekly.</subfield></datafield><datafield ind1=" " ind2=" " tag="260"><subfield code="a">Risingsun, Ohio :</subfield><subfield code="b">C.C. Myers,</subfield><subfield code="c">-1948.</subfield></datafield><datafield ind1=" " ind2=" " tag="300"><subfield code="a">v.</subfield></datafield><datafield ind1=" " ind2=" " tag="310"><subfield code="a">Weekly</subfield></datafield><datafield ind1="1" ind2=" " tag="362"><subfield code="a">Began in 1927.</subfield></datafield><datafield ind1="0" ind2=" " tag="362"><subfield code="a">-42 year, no. 16 (June 24, 1948).</subfield></datafield><datafield ind1=" " ind2=" " tag="588"><subfield code="a">Description based on: Vol. 22, no. 2 (Mar. 15, 1928).</subfield></datafield><datafield ind1=" " ind2=" " tag="752"><subfield code="a">United States</subfield><subfield code="b">Ohio</subfield><subfield code="c">Wood</subfield><subfield code="d">Risingsun.</subfield></datafield><datafield ind1="0" ind2="0" tag="780"><subfield code="t">Unique weekly</subfield><subfield code="w">(DLC)sn 89075158</subfield></datafield><datafield ind1="0" ind2="7" tag="785"><subfield code="t">Unique-derrick</subfield><subfield code="w">(DLC)sn 89075159</subfield></datafield></record>